<?xml version="1.0" encoding="UTF-8"?><record xmlns="http://www.loc.gov/MARC21/slim" xmlns:cinclude="http://apache.org/cocoon/include/1.0" xmlns:zs="http://www.loc.gov/zing/srw/">
  <leader>00846cz  a2200217n  4500</leader>
  <controlfield tag="001">nr2005021472</controlfield>
  <controlfield tag="003">DLC</controlfield>
  <controlfield tag="005">20120702105025.0</controlfield>
  <controlfield tag="008">050909n| azaaaaaan          |a ana     c</controlfield>
  <datafield tag="010" ind1=" " ind2=" ">
    <subfield code="a">nr2005021472</subfield>
  </datafield>
  <datafield tag="035" ind1=" " ind2=" ">
    <subfield code="a">(OCoLC)oca06729847</subfield>
  </datafield>
  <datafield tag="040" ind1=" " ind2=" ">
    <subfield code="a">CSt</subfield>
    <subfield code="b">eng</subfield>
    <subfield code="c">CSt</subfield>
    <subfield code="e">rda</subfield>
    <subfield code="d">ICU</subfield>
  </datafield>
  <datafield tag="130" ind1=" " ind2="0">
    <subfield code="a">Colección Africanía (Instituto Nacional de Antropología e Historia (Mexico))</subfield>
  </datafield>
  <datafield tag="430" ind1=" " ind2="0">
    <subfield code="a">Africanía (Instituto Nacional de Antropología e Historia (Mexico))</subfield>
  </datafield>
  <datafield tag="410" ind1="2" ind2=" ">
    <subfield code="a">Instituto Nacional de Antropología e Historia (Mexico).</subfield>
    <subfield code="t">Colección Africanía</subfield>
  </datafield>
  <datafield tag="642" ind1=" " ind2=" ">
    <subfield code="a">1</subfield>
    <subfield code="5">DPCC</subfield>
    <subfield code="5">CSt</subfield>
  </datafield>
  <datafield tag="643" ind1=" " ind2=" ">
    <subfield code="a">México, D.F.</subfield>
    <subfield code="b">Instituto Nacional de Antropología e Historia</subfield>
  </datafield>
  <datafield tag="644" ind1=" " ind2=" ">
    <subfield code="a">f</subfield>
    <subfield code="5">CSt</subfield>
  </datafield>
  <datafield tag="645" ind1=" " ind2=" ">
    <subfield code="a">t</subfield>
    <subfield code="5">DPCC</subfield>
    <subfield code="5">CSt</subfield>
  </datafield>
  <datafield tag="646" ind1=" " ind2=" ">
    <subfield code="a">s</subfield>
    <subfield code="5">CSt</subfield>
  </datafield>
  <datafield tag="670" ind1=" " ind2=" ">
    <subfield code="a">Poblaciones y culturas de origen africano en México, 2005:</subfield>
    <subfield code="b">ser. t.p. (Colección Africanía) spine (1)</subfield>
  </datafield>
</record>